@misc{web:web,
    author			= {Wikipedia\textsuperscript{\textregistered}},
    title			= {Muestreo espacial},
    howpublished	= {\path{https://es.wikipedia.org/wiki/Muestreo_espacial}},
    note			= {Accedido en septiembre de 2021},
    language        = {spanish},
}
@misc{web:wb,
    author			= {Corel\textsuperscript{\textregistered}},
    title			= {Cambio de resoluci√≥n de imagen},
    howpublished	= {\path{http://product.corel.com/help/PHOTO-PAINT/540240626/Main/ES/Doc/wwhelp/wwhimpl/common/html/wwhelp.htm?context=Corel_PHOTO_PAINT_Help&file=CorelDRAW_Changing_image_resolution.html}},
    note			= {Accedido en septiembre de 2021},
    language        = {spanish},
}